<record><leader>00000cas a22000007a 4500</leader><controlfield tag="001">17003297</controlfield><controlfield tag="008">871119d19uu19uumsudr ne      0    0eng d</controlfield><datafield ind1=" " ind2=" " tag="010"><subfield code="a">sn 87065749 </subfield></datafield><datafield ind1=" " ind2=" " tag="040"><subfield code="a">MSJ</subfield><subfield code="b">eng</subfield><subfield code="c">MSJ</subfield><subfield code="d">OCLCQ</subfield></datafield><datafield ind1=" " ind2=" " tag="042"><subfield code="a">msc</subfield></datafield><datafield ind1="0" ind2=" " tag="130"><subfield code="a">Daily times-herald (West Point, Miss.)</subfield></datafield><datafield ind1="1" ind2="4" tag="245"><subfield code="a">The Daily times-herald.</subfield></datafield><datafield ind1=" " ind2=" " tag="260"><subfield code="a">West Point, Miss. :</subfield><subfield code="b">Times-Herald Print. Co.</subfield></datafield><datafield ind1=" " ind2=" " tag="310"><subfield code="a">Daily</subfield></datafield><datafield ind1=" " ind2=" " tag="588"><subfield code="a">Description based on: Vol. 19, no. 101 (Feb. 7, 1923).</subfield></datafield><datafield ind1=" " ind2=" " tag="752"><subfield code="a">United States</subfield><subfield code="b">Mississippi</subfield><subfield code="c">Clay</subfield><subfield code="d">West Point.</subfield></datafield></record>